<?xml version="1.0" encoding="UTF-8"?>
<record xmlns="http://www.loc.gov/MARC21/slim">
  <leader>02008nam a2200397 a 4500</leader>
  <controlfield tag="001">3236382</controlfield>
  <controlfield tag="007">he amb022bbcp</controlfield>
  <controlfield tag="007">he bmb022baap</controlfield>
  <controlfield tag="008">970407s1918    quc    |b|||| 000 0 fre d</controlfield>
  <datafield tag="020" ind1=" " ind2=" ">
    <subfield code="a">0665796145</subfield>
  </datafield>
  <datafield tag="035" ind1=" " ind2=" ">
    <subfield code="a">ocm53684058</subfield>
  </datafield>
  <datafield tag="040" ind1=" " ind2=" ">
    <subfield code="a">CaOOCIHM</subfield>
    <subfield code="b">fre</subfield>
    <subfield code="c">CaOOCIHM</subfield>
    <subfield code="d">AEU</subfield>
  </datafield>
  <datafield tag="043" ind1=" " ind2=" ">
    <subfield code="a">n-cn-qu</subfield>
  </datafield>
  <datafield tag="082" ind1="0" ind2=" ">
    <subfield code="a">634.9/09714</subfield>
    <subfield code="2">20</subfield>
  </datafield>
  <datafield tag="090" ind1=" " ind2=" ">
    <subfield code="a">FC 02 0203 no. 79614</subfield>
    <subfield code="b">AEU</subfield>
  </datafield>
  <datafield tag="110" ind1="2" ind2=" ">
    <subfield code="a">Association de la protection des forêts de la province de Québec.</subfield>
    <subfield code="b">Convention</subfield>
    <subfield code="d">(1918 :</subfield>
    <subfield code="c">Montréal, Québec)</subfield>
  </datafield>
  <datafield tag="245" ind1="1" ind2="0">
    <subfield code="a">Procès-verbaux et discours, assemblée de l&apos;Association de la protection des forêts de Québec, 1918</subfield>
    <subfield code="h">[microforme] /</subfield>
    <subfield code="c">Convention de l&apos;Association de la protection des forêts de Québec.</subfield>
  </datafield>
  <datafield tag="260" ind1=" " ind2=" ">
    <subfield code="a">[Montréal? :</subfield>
    <subfield code="b">s.n.,</subfield>
    <subfield code="c">1918?]</subfield>
  </datafield>
  <datafield tag="300" ind1=" " ind2=" ">
    <subfield code="a">1 microfiche (50 images)</subfield>
  </datafield>
  <datafield tag="490" ind1="1" ind2=" ">
    <subfield code="a">CIHM/ICMH Microfiche series = CIHM/ICMH collection de microfiches ;</subfield>
    <subfield code="v">no. 79614</subfield>
  </datafield>
  <datafield tag="500" ind1=" " ind2=" ">
    <subfield code="a">Titre de départ.</subfield>
  </datafield>
  <datafield tag="500" ind1=" " ind2=" ">
    <subfield code="a">Titre courant: Rapport de la Convention de l&apos;association dite the Quebec Forest Protective Association.</subfield>
  </datafield>
  <datafield tag="500" ind1=" " ind2=" ">
    <subfield code="a">Tables.</subfield>
  </datafield>
  <datafield tag="533" ind1=" " ind2=" ">
    <subfield code="a">Microfiche de l&apos;exemplaire de l&apos;édition originale se trouvant à l&apos;Assemblée nationale du Québec, Bibliothèque, Québec.</subfield>
    <subfield code="b">Ottawa :</subfield>
    <subfield code="c">Institut canadien de microreproductions historiques,</subfield>
    <subfield code="d">1996.</subfield>
  </datafield>
  <datafield tag="534" ind1=" " ind2=" ">
    <subfield code="e">91 p. ; 22 cm.</subfield>
  </datafield>
  <datafield tag="596" ind1=" " ind2=" ">
    <subfield code="a">43</subfield>
  </datafield>
  <datafield tag="610" ind1="2" ind2="0">
    <subfield code="a">Quebec Forest Protective Association.</subfield>
    <subfield code="b">Convention</subfield>
    <subfield code="d">(1918 :</subfield>
    <subfield code="c">Montré al, Quebec)</subfield>
    <subfield code="x">Congresses.</subfield>
  </datafield>
  <datafield tag="610" ind1="2" ind2="6">
    <subfield code="a">Association de la protection des forêts de la province de Québec.</subfield>
    <subfield code="b">Convention</subfield>
    <subfield code="d">(1918 :</subfield>
    <subfield code="c">Montréal Québec)</subfield>
    <subfield code="x">Congrès.</subfield>
  </datafield>
  <datafield tag="650" ind1=" " ind2="6">
    <subfield code="a">Forêts</subfield>
    <subfield code="x">Protection</subfield>
    <subfield code="z">Québec (Province)</subfield>
    <subfield code="x">Congrès.</subfield>
  </datafield>
  <datafield tag="650" ind1=" " ind2="0">
    <subfield code="a">Forest protection</subfield>
    <subfield code="z">Quebec (Province)</subfield>
    <subfield code="x">Congresses.</subfield>
  </datafield>
  <datafield tag="650" ind1=" " ind2="0">
    <subfield code="a">Forests and forestry</subfield>
    <subfield code="z">Quebec (Province)</subfield>
    <subfield code="x">Congresses.</subfield>
  </datafield>
  <datafield tag="650" ind1=" " ind2="6">
    <subfield code="a">Forêts et sylviculture</subfield>
    <subfield code="z">Québec (Province)</subfield>
    <subfield code="x">Congrès.</subfield>
  </datafield>
  <datafield tag="830" ind1=" " ind2="0">
    <subfield code="a">CIHM/ICMH microfiche series ;</subfield>
    <subfield code="v">no. 79614</subfield>
  </datafield>
  <datafield tag="949" ind1=" " ind2=" ">
    <subfield code="h">UAHS-MF</subfield>
    <subfield code="z">CIHMMPOST</subfield>
  </datafield>
  <datafield tag="016" ind1=" " ind2=" ">
    <subfield code="a"> 976006707</subfield>
  </datafield>
  <datafield tag="926" ind1=" " ind2=" ">
    <subfield code="a">UAHSS</subfield>
    <subfield code="b">MICROFICHE</subfield>
    <subfield code="c">FC 02 0203 no. 79614</subfield>
    <subfield code="d">MICROFORM</subfield>
    <subfield code="f">1</subfield>
  </datafield>
</record>
